<?xml version="1.0" encoding="UTF-8"?><record xmlns="http://www.loc.gov/MARC21/slim" xmlns:cinclude="http://apache.org/cocoon/include/1.0" xmlns:zs="http://www.loc.gov/zing/srw/">
  <leader>00484cz  a2200157n  4500</leader>
  <controlfield tag="001">n  91106726 </controlfield>
  <controlfield tag="003">DLC</controlfield>
  <controlfield tag="005">20130315103041.0</controlfield>
  <controlfield tag="008">911021n| azannaab           |a aaa      </controlfield>
  <datafield tag="010" ind1=" " ind2=" ">
    <subfield code="a">n  91106726 </subfield>
  </datafield>
  <datafield tag="040" ind1=" " ind2=" ">
    <subfield code="a">DLC</subfield>
    <subfield code="b">eng</subfield>
    <subfield code="e">rda</subfield>
    <subfield code="c">DLC</subfield>
    <subfield code="d">DLC</subfield>
  </datafield>
  <datafield tag="046" ind1=" " ind2=" ">
    <subfield code="g">1704</subfield>
  </datafield>
  <datafield tag="100" ind1="1" ind2=" ">
    <subfield code="a">Nims, Godfrey,</subfield>
    <subfield code="d">-1704</subfield>
  </datafield>
  <datafield tag="400" ind1="1" ind2=" ">
    <subfield code="a">Nims, Godfree,</subfield>
    <subfield code="d">-1704</subfield>
  </datafield>
  <datafield tag="400" ind1="1" ind2=" ">
    <subfield code="w">nnea</subfield>
    <subfield code="a">Nims, Godfrey,</subfield>
    <subfield code="d">d. 1704</subfield>
  </datafield>
  <datafield tag="670" ind1=" " ind2=" ">
    <subfield code="a">Oathout, S.S. The Nims family, 1990- :</subfield>
    <subfield code="b">v. 1, t.p. (Godfrey Nims) p. 9, etc. (d. 12/29/1704; Godfree Nims)</subfield>
  </datafield>
</record>